<record><leader>01928cam a2200469Ii 45 0</leader><controlfield tag="001">6754318</controlfield><controlfield tag="003">OCoLC</controlfield><controlfield tag="005">20150615174421.0</controlfield><controlfield tag="008">141210s2015    onca     b    001 0 eng  </controlfield><datafield ind1=" " ind2=" " tag="016"><subfield code="a">20149079796</subfield></datafield><datafield ind1=" " ind2=" " tag="020"><subfield code="a">9781442649668 (bound)</subfield></datafield><datafield ind1=" " ind2=" " tag="020"><subfield code="a">1442649666 (bound)</subfield></datafield><datafield ind1=" " ind2=" " tag="020"><subfield code="a">9781442627017 (pbk.)</subfield></datafield><datafield ind1=" " ind2=" " tag="020"><subfield code="a">1442627018 (pbk.)</subfield></datafield><datafield ind1="8" ind2=" " tag="024"><subfield code="a">40024749863</subfield></datafield><datafield ind1=" " ind2=" " tag="035"><subfield code="a">ocn898475888</subfield></datafield><datafield ind1=" " ind2=" " tag="040"><subfield code="a">NLC</subfield><subfield code="b">eng</subfield><subfield code="e">rda</subfield><subfield code="c">NLC</subfield><subfield code="d">OCLCO</subfield><subfield code="d">BTCTA</subfield><subfield code="d">BDX</subfield><subfield code="d">YDXCP</subfield><subfield code="d">OCLCF</subfield><subfield code="d">CDX</subfield><subfield code="d">COO</subfield><subfield code="d">LTSCA</subfield><subfield code="d">YUS</subfield><subfield code="d">OCL</subfield><subfield code="d">OCLCO</subfield><subfield code="d">AFMK</subfield></datafield><datafield ind1=" " ind2=" " tag="043"><subfield code="a">n-cn-on</subfield><subfield code="a">n-cn-qu</subfield></datafield><datafield ind1=" " ind2="4" tag="050"><subfield code="a">HC117.O5</subfield><subfield code="b">H33 2015</subfield></datafield><datafield ind1=" " ind2="0" tag="055"><subfield code="a">HC117 O5</subfield><subfield code="b">H33 2015</subfield></datafield><datafield ind1="0" ind2="4" tag="082"><subfield code="a">330.9713</subfield><subfield code="2">23</subfield></datafield><datafield ind1=" " ind2=" " tag="090"><subfield code="a">HC 117 O5 H33 2015</subfield><subfield code="b">AFMK</subfield></datafield><datafield ind1=" " ind2=" " tag="090"><subfield code="a">HC 117 O5 H33 2015</subfield><subfield code="b">AEU</subfield></datafield><datafield ind1="1" ind2=" " tag="100"><subfield code="a">Haddow, Rodney S.,</subfield><subfield code="e">author.</subfield></datafield><datafield ind1="1" ind2="0" tag="245"><subfield code="a">Comparing Quebec and Ontario :</subfield><subfield code="b">political economy and public policy at the turn of the millennium /</subfield><subfield code="c">Rodney Haddow.</subfield></datafield><datafield ind1=" " ind2="1" tag="264"><subfield code="a">Toronto :</subfield><subfield code="b">University of Toronto Press,</subfield><subfield code="c">[2015]</subfield></datafield><datafield ind1=" " ind2=" " tag="300"><subfield code="a">375 pages :</subfield><subfield code="b">illustrations ;</subfield><subfield code="c">24 cm.</subfield></datafield><datafield ind1=" " ind2=" " tag="336"><subfield code="a">text</subfield><subfield code="b">txt</subfield><subfield code="2">rdacontent</subfield></datafield><datafield ind1=" " ind2=" " tag="337"><subfield code="a">unmediated</subfield><subfield code="b">n</subfield><subfield code="2">rdamedia</subfield></datafield><datafield ind1=" " ind2=" " tag="338"><subfield code="a">volume</subfield><subfield code="b">nc</subfield><subfield code="2">rdacarrier</subfield></datafield><datafield ind1="1" ind2=" " tag="490"><subfield code="a">Studies in comparative political economy and public policy</subfield></datafield><datafield ind1=" " ind2=" " tag="504"><subfield code="a">Includes bibliographical references and index.</subfield></datafield><datafield ind1=" " ind2=" " tag="596"><subfield code="a">8 16</subfield></datafield><datafield ind1=" " ind2="0" tag="651"><subfield code="a">Ontario</subfield><subfield code="x">Social policy.</subfield></datafield><datafield ind1=" " ind2="0" tag="651"><subfield code="a">Ontario</subfield><subfield code="x">Economic policy.</subfield></datafield><datafield ind1=" " ind2="0" tag="651"><subfield code="a">Ontario</subfield><subfield code="x">Politics and government.</subfield></datafield><datafield ind1=" " ind2="0" tag="651"><subfield code="a">Qu&#233;bec (Province)</subfield><subfield code="x">Economic policy.</subfield></datafield><datafield ind1=" " ind2="0" tag="651"><subfield code="a">Qu&#233;bec (Province)</subfield><subfield code="x">Social policy.</subfield></datafield><datafield ind1=" " ind2="0" tag="651"><subfield code="a">Qu&#233;bec (Province)</subfield><subfield code="x">Politics and government.</subfield></datafield><datafield ind1=" " ind2="0" tag="830"><subfield code="a">Studies in comparative political economy and public policy.</subfield></datafield><datafield ind1=" " ind2=" " tag="926"><subfield code="a">HC 117 O5 H33 2015</subfield><subfield code="w">LC</subfield><subfield code="c">1</subfield><subfield code="i">34917001375869</subfield><subfield code="d">11/28/2015</subfield><subfield code="l">ON_SHELF</subfield><subfield code="m">KEYANO</subfield><subfield code="p">$37.15</subfield><subfield code="q">1</subfield><subfield code="r">Y</subfield><subfield code="s">Y</subfield><subfield code="t">BOOK</subfield><subfield code="u">12/8/2014</subfield><subfield code="o">.STAFF. Rec'd Jun/15 MW</subfield></datafield><datafield ind1=" " ind2=" " tag="926"><subfield code="a">HC 117 O5 H33 2015</subfield><subfield code="w">LC</subfield><subfield code="c">1</subfield><subfield code="i">0162034857019</subfield><subfield code="d">7/7/2016</subfield><subfield code="e">6/21/2016</subfield><subfield code="l">ON_SHELF</subfield><subfield code="m">UAAUG</subfield><subfield code="n">4</subfield><subfield code="p">$150.00</subfield><subfield code="r">Y</subfield><subfield code="s">Y</subfield><subfield code="t">BOOK</subfield><subfield code="u">10/15/2015</subfield><subfield code="z">COUTTS_ADD</subfield></datafield></record>